% referencias Introducción
@article{50years,
	author = {Andreopoulos, Alexander and Tsotsos, John},
	year = {2013},
	month = {08},
	pages = {827–891},
	title = {50 Years of object recognition: Directions forward},
	volume = {117},
	journal = {Computer Vision and Image Understanding},
	doi = {10.1016/j.cviu.2013.04.005},}
	
@online{hitachi,
	author = {Hitachi Labs},
	title = {History (1961-1980)},
	dateor = {S.A. MARCOMBO},
	language = {Castellano},
	isbn = {
	9788426713131},
	pagetotal = {464},}
	
@article{SCADA,
	author = {Pérez-López, Esteban},
	year = {2015},
	month = {12},
	pages = {3-14},
	title = {Los sistemas SCADA en la automatización industrial},
	volume = {28},
	journal = {Revista Tecnología en Marcha},
	doi = {10.18845/tm.v28i4.2438}}

@article{convolucion,
	author = {Giménez Palomares, Fernando and Serrá, Juan and Alemany, Elena},
	year = {2016},
	month = {01},
	pages = {97},
	title = {Aplicación de la convolución de matrices al filtrado de imágenes},
	volume = {9},
	journal = {Modelling in Science Education and Learning},
	doi = {10.4995/msel.2016.4524},}
	
@ARTICLE{alfa,
	author={M. E. {Lee} and R. A. {Redner}},
	journal={IEEE Computer Graphics and Applications}, 
	title={A note on the use of nonlinear filtering in computer graphics}, 
	year={1990},
	volume={10},
	number={3},
	pages={23-29},}

@INPROCEEDINGS{greyscale,
	author={I. {Ahmad} and I. {Moon} and S. J. {Shin}},
	booktitle={2018 International Conference on Electronics, Information, and Communication (ICEIC)}, 
	title={Color-to-grayscale algorithms effect on edge detection — A comparative study}, 
	year={2018},
	volume={},
	number={},
	pages={1-4},}
	
@online{khan,
	author = {Khan Academy},
	title = {El gradiente},
	urldate = {2020-06-18},
	url = {https://es.khanacademy.org/math/multivariable-calculus/multivariable-derivatives/partial-derivative-and-gradient-articles/a/the-gradient},}

@article{edgecomp,
	author = {Burnham, John and Hardy, Jonathan and Meadors, Kyle},
	year = {2020},
	month = {06},
	pages = {},
	title = {Comparison of the Roberts, Sobel, Robinson, Canny, and Hough Image Detection Algorithms},}
	
@article{hough,
	author = {Duda, Richard O. and Hart, Peter E.},
	title = {Use of the Hough Transformation to Detect Lines and Curves in Pictures},
	year = {1972},
	issue_date = {Jan. 1972},
	publisher = {Association for Computing Machinery},
	address = {New York, NY, USA},
	volume = {15},
	number = {1},
	issn = {0001-0782},
	url = {https://doi.org/10.1145/361237.361242},
	doi = {10.1145/361237.361242},
	journal = {Commun. ACM},
	month = jan,
	pages = {11–15},
	numpages = {5},
	keywords = {point-line transformation, colinear points, picture processing, Hough transformation, pattern recognition, line detection, curve detection},}

@article{hough2,
	author = {Illingworth, J. and Kittler, J.},
	title = {A Survey of the Hough Transform},
	year = {1988},
	issue_date = {Oct. 1988},
	publisher = {Academic Press Professional, Inc.},
	address = {USA},
	volume = {44},
	number = {1},
	issn = {0734-189X},
	url = {https://doi.org/10.1016/S0734-189X(88)80033-1},
	doi = {10.1016/S0734-189X(88)80033-1},
	journal = {Comput. Vision Graph. Image Process.},
	month = aug,
	pages = {87–116},
	numpages = {30},}
		
@article{Fischler1981RandomSC,
	title={Random sample consensus: a paradigm for model fitting with applications to image analysis and automated cartography},
	author={Martin A. Fischler and Robert C. Bolles},
	journal={Commun. ACM},
	year={1981},
	volume={24},
	pages={381-395}}
	
@misc{amazon,
	title={Cartman: The low-cost Cartesian Manipulator that won the Amazon Robotics Challenge},
	author={D. Morrison and A. W. Tow and M. McTaggart and R. Smith and N. Kelly-Boxall and S. Wade-McCue and J. Erskine and R. Grinover and A. Gurman and T. Hunn and D. Lee and A. Milan and T. Pham and G. Rallos and A. Razjigaev and T. Rowntree and K. Vijay and Z. Zhuang and C. Lehnert and I. Reid and P. Corke and J. Leitner},
	year={2017},
	eprint={1709.06283},
	archivePrefix={arXiv},
	primaryClass={cs.RO},}

@online{Rochester,
	author = {Analytics Vidhya},
	title = {Brief History of Neural Networks},
	year = {2019},
	url = {https://medium.com/analytics-vidhya/brief-history-of-neural-networks-44c2bf72eec},
	OPTdate = {2020/06/22},}
	
@article{LeCun,
	author = {Lecun, Yann and Boser, Bernhard and Denker, John and Henderson, Don and Howard, R. and Hubbard, W.E. and Jackel, Larry},
	year = {1989},
	month = {12},
	pages = {541-551},
	title = {Backpropagation Applied to Handwritten Zip Code Recognition},
	volume = {1},
	journal = {Neural Computation},
	doi = {10.1162/neco.1989.1.4.541},}
	
@misc{alom2018history,
	title={The History Began from AlexNet: A Comprehensive Survey on Deep Learning Approaches},
	author={Md Zahangir Alom and Tarek M. Taha and Christopher Yakopcic and Stefan Westberg and Paheding Sidike and Mst Shamima Nasrin and Brian C Van Esesn and Abdul A S. Awwal and Vijayan K. Asari},
	year={2018},
	eprint={1803.01164},
	archivePrefix={arXiv},
	primaryClass={cs.CV},}
	
@article{AlexNet,
	author = {Krizhevsky, Alex and Sutskever, Ilya and Hinton, Geoffrey E.},
	title = {ImageNet Classification with Deep Convolutional Neural Networks},
	year = {2017},
	issue_date = {June 2017},
	publisher = {Association for Computing Machinery},
	address = {New York, NY, USA},
	volume = {60},
	number = {6},
	issn = {0001-0782},
	url = {https://doi.org/10.1145/3065386},
	doi = {10.1145/3065386},
	journal = {Commun. ACM},
	month = may,
	pages = {84–90},
	numpages = {7},} = {18/06/2020},
	url = {http://www.hitachi.com/corporate/about/history/1961.html},
	language = {English},}
	
@INPROCEEDINGS{ABB,
	author={R. {Casanelles} and R. {Pons} and  {Xiaolong Feng} and R. {Patel} and D. {Wäppling} and J. {Weström} and H. {Andersson}},
	booktitle={IEEE ISR 2013}, 
	title={Towards high performance robotic solutions in press automation - An ABB view}, 
	year={2013},
	volume={},
	number={},
	pages={1-3},}
	
@ARTICLE{industry4,
	author={A. {Kattepur}},
	journal={IET Collaborative Intelligent Manufacturing}, 
	title={Workflow composition and analysis in Industry 4.0 warehouse automation}, 
	year={2019},
	volume={1},
	number={3},
	pages={78-89},}

@online{YuMi,
	author = {ABB},
	title = {IRB 1400 YuMi},
	urldate = {2021-11-16},
	url = {https://new.abb.com/products/robotics/es/robots-colaborativos/yumi},}
	
@online{RobotStudio,
	author = {ABB},
	title = {RobotStudio 2019.5},
	urldate = {2020-06-22},
	url = {https://new.abb.com/products/robotics/robotstudio/downloads},}

@online{IntelL515,
	author = {Intel},
	title = {Realsense L515},
	urldate = {2021-11-10},
	url = {https://www.intelrealsense.com/lidar-camera-l515/},}
	
@online{SDK,
	author = {Intel},
	title = {SDK for Intel Realsense},
	urldate = {2021-11-10},
	url = {https://github.com/IntelRealSense/librealsense/releases},}

@book{szeliski,
	title={Computer Vision: Algorithms and Applications},
	author={Szeliski, R.},
	isbn={9783030343712},
	series={Texts in Computer Science},
	url={https://books.google.ie/books?id=A34ZygEACAAJ},
	year={2022},
	publisher={Springer International Publishing},}

% referencias del Estado de la cuestion
@book{robotica,
	author = {Ollero Baturone, Anibal},
	title = {ROBOTICA. Manipuladores y Robots Móviles},
	date = {2005},
	editor = {S.A. MARCOMBO},
	language = {Castellano},
	isbn = {9788426713131},
	pagetotal = {464},}
	
@article{SCADA,
	author = {Pérez-López, Esteban},
	year = {2015},
	month = {12},
	pages = {3-14},
	title = {Los sistemas SCADA en la automatización industrial},
	volume = {28},
	journal = {Revista Tecnología en Marcha},
	doi = {10.18845/tm.v28i4.2438},}

@article{convolucion,
	author = {Giménez Palomares, Fernando and Serrá, Juan and Alemany, Elena},
	year = {2016},
	month = {01},
	pages = {97},
	title = {Aplicación de la convolución de matrices al filtrado de imágenes},
	volume = {9},
	journal = {Modelling in Science Education and Learning},
	doi = {10.4995/msel.2016.4524},}

@ARTICLE{alfa,
	author={M. E. {Lee} and R. A. {Redner}},
	journal={IEEE Computer Graphics and Applications}, 
	title={A note on the use of nonlinear filtering in computer graphics}, 
	year={1990},
	volume={10},
	number={3},
	pages={23-29},}
	
@INPROCEEDINGS{greyscale,
	author={I. {Ahmad} and I. {Moon} and S. J. {Shin}},
	booktitle={2018 International Conference on Electronics, Information, and Communication (ICEIC)}, 
	title={Color-to-grayscale algorithms effect on edge detection — A comparative study}, 
	year={2018},
	volume={},
	number={},
	pages={1-4},}

@online{khan,
	author = {Khan Academy},
	title = {El gradiente},
	urldate = {2020-06-18},
	url = {https://es.khanacademy.org/math/multivariable-calculus/multivariable-derivatives/partial-derivative-and-gradient-articles/a/the-gradient},}

@article{edgecomp,
	author = {Burnham, John and Hardy, Jonathan and Meadors, Kyle},
	year = {2020},
	month = {06},
	pages = {},
	title = {Comparison of the Roberts, Sobel, Robinson, Canny, and Hough Image Detection Algorithms},}

@article{hough,
	author = {Duda, Richard O. and Hart, Peter E.},
	title = {Use of the Hough Transformation to Detect Lines and Curves in Pictures},
	year = {1972},
	issue_date = {Jan. 1972},
	publisher = {Association for Computing Machinery},
	address = {New York, NY, USA},
	volume = {15},
	number = {1},
	issn = {0001-0782},
	url = {https://doi.org/10.1145/361237.361242},
	doi = {10.1145/361237.361242},
	journal = {Commun. ACM},
	month = jan,
	pages = {11–15},
	numpages = {5},
	keywords = {point-line transformation, colinear points, picture processing, Hough transformation, pattern recognition, line detection, curve detection},}

@article{hough2,
	author = {Illingworth, J. and Kittler, J.},
	title = {A Survey of the Hough Transform},
	year = {1988},
	issue_date = {Oct. 1988},
	publisher = {Academic Press Professional, Inc.},
	address = {USA},
	volume = {44},
	number = {1},
	issn = {0734-189X},
	url = {https://doi.org/10.1016/S0734-189X(88)80033-1},
	doi = {10.1016/S0734-189X(88)80033-1},
	journal = {Comput. Vision Graph. Image Process.},
	month = aug,
	pages = {87–116},
	numpages = {30},}
		
@article{Fischler1981RandomSC,
	title={Random sample consensus: a paradigm for model fitting with applications to image analysis and automated cartography},
	author={Martin A. Fischler and Robert C. Bolles},
	journal={Commun. ACM},
	year={1981},
	volume={24},
	pages={381-395},}

@misc{amazon,
	title={Cartman: The low-cost Cartesian Manipulator that won the Amazon Robotics Challenge},
	author={D. Morrison and A. W. Tow and M. McTaggart and R. Smith and N. Kelly-Boxall and S. Wade-McCue and J. Erskine and R. Grinover and A. Gurman and T. Hunn and D. Lee and A. Milan and T. Pham and G. Rallos and A. Razjigaev and T. Rowntree and K. Vijay and Z. Zhuang and C. Lehnert and I. Reid and P. Corke and J. Leitner},
	year={2017},
	eprint={1709.06283},
	archivePrefix={arXiv},
	primaryClass={cs.RO},}

@online{Rochester,
	author = {Analytics Vidhya},
	title = {Brief History of Neural Networks},
	year = {2019},
	url = {https://medium.com/analytics-vidhya/brief-history-of-neural-networks-44c2bf72eec},
	OPTdate = {2020/06/22},}

@article{LeCun,
	author = {Lecun, Yann and Boser, Bernhard and Denker, John and Henderson, Don and Howard, R. and Hubbard, W.E. and Jackel, Larry},
	year = {1989},
	month = {12},
	pages = {541-551},
	title = {Backpropagation Applied to Handwritten Zip Code Recognition},
	volume = {1},
	journal = {Neural Computation},
	doi = {10.1162/neco.1989.1.4.541},}
	
@misc{alom2018history,
	title={The History Began from AlexNet: A Comprehensive Survey on Deep Learning Approaches},
	author={Md Zahangir Alom and Tarek M. Taha and Christopher Yakopcic and Stefan Westberg and Paheding Sidike and Mst Shamima Nasrin and Brian C Van Esesn and Abdul A S. Awwal and Vijayan K. Asari},
	year={2018},
	eprint={1803.01164},
	archivePrefix={arXiv},
	primaryClass={cs.CV},}
	
@article{AlexNet,
	author = {Krizhevsky, Alex and Sutskever, Ilya and Hinton, Geoffrey E.},
	title = {ImageNet Classification with Deep Convolutional Neural Networks},
	year = {2017},
	issue_date = {June 2017},
	publisher = {Association for Computing Machinery},
	address = {New York, NY, USA},
	volume = {60},
	number = {6},
	issn = {0001-0782},
	url = {https://doi.org/10.1145/3065386},
	doi = {10.1145/3065386},
	journal = {Commun. ACM},
	month = may,
	pages = {84–90},
	numpages = {7},}

@article{denninger2019blenderproc,
	title={BlenderProc},
	author={Denninger, Maximilian and Sundermeyer, Martin and Winkelbauer, Dominik and Zidan, Youssef and Olefir, Dmitry and Elbadrawy, Mohamad and Lodhi, Ahsan and Katam, Harinandan},
	journal={arXiv preprint arXiv:1911.01911},
	year={2019},}

@online{ArUco,
	author = {AVA},
	title = {ArUco: a minimal library for Augmented Reality applications based on OpenCV},
	year = {2020},
	url = {https://www.uco.es/investiga/grupos/ava/node/26},}

% referencias vision artificial
@misc{YOLO,
	doi = {10.48550/ARXIV.1506.02640},
	url = {https://arxiv.org/abs/1506.02640},
	author = {Redmon, Joseph and Divvala, Santosh and Girshick, Ross and Farhadi, Ali},
	keywords = {Computer Vision and Pattern Recognition (cs.CV), FOS: Computer and information sciences, FOS: Computer and information sciences},
	title = {You Only Look Once: Unified, Real-Time Object Detection},
	publisher = {arXiv},
	year = {2015},
	copyright = {arXiv.org perpetual, non-exclusive license},}
	
% referencias Anexos
@online{IntelL515,
	author = {Intel},
	title = {Realsense L515},
	urldate = {2022-07-23},
	url = {https://www.intelrealsense.com/lidar-camera-l515/},}
